@PHDTHESIS{Gentry01,
  title    = "A fully homomorphic encryption scheme",
  author   = "Gentry, Craig",
  year     =  2009,
  school   = "Stanford University"
}

@article{OMTP01,
  title={OMTP hardware requirements and defragmentation, Trusted Environment OMTP TR1},
  author={Group, Open Mobile Terminal Platform},
  journal={Open Mobile Terminal Platform},
  volume={},
  number={},
  pages={},
  year={2009},
  publisher={Open Mobile Terminal Platform}
}

@online{WAC,
  author = {Sarah Perez},
  title = {WAC Whacked: Telecom-Backed Alliance Merges Into GSMA, Assets Acquired By API Management Service Apigee},
  year = 2012,
  url = {https://techcrunch.com/2012/07/17/wac-whacked-telecom-backed-alliance-merges-into-gsma-assets-acquired-by-api-management-service-apigee/},
  urldate = {2015-05-21}
}

@article{Costan2016IntelSE,
    title={Intel SGX Explained},
    author={Victor Costan and Srinivas Devadas},
    journal={IACR Cryptol. ePrint Arch.},
    year={2016},
    volume={2016},
    howpublished= {\url{https://eprint.iacr.org/2016/086.pdf}},
    year        = {2016},
    note        = {last visited 20.09.2020}
}

@article{ArmWhitepaper,
    title={ARM Security Technology: Building a Secure System using TrustZone Technology},
    author={},
    journal={IACR Cryptol. ePrint Arch.},
    year={2009},
    volume={2009},
    howpublished= {\url{https://static.docs.arm.com/genc009492/c/PRD29-GENC-009492C_trustzone_security_whitepaper.pdf}},
    year        = {2009},
    note        = {last visited 20.09.2020}
}

