@inproceedings{formalFound,
author = {Subramanyan, Pramod and Sinha, Rohit and Lebedev, Ilia and Devadas, Srinivas and Seshia, Sanjit A.},
title = {A Formal Foundation for Secure Remote Execution of Enclaves},
year = {2017},
isbn = {9781450349468},
publisher = {Association for Computing Machinery},
address = {New York, NY, USA},
url = {https://doi.org/10.1145/3133956.3134098},
doi = {10.1145/3133956.3134098},
booktitle = {Proceedings of the 2017 ACM SIGSAC Conference on Computer and Communications Security},
pages = {2435â€“2450},
numpages = {16},
keywords = {secure computation, remote attestation, confidentiality, formal verification, enclave programs, integrity},
location = {Dallas, Texas, USA},
series = {CCS '17}
}

@phdthesis{gentryPhd,
author = {Gentry, Craig},
advisor = {Boneh, Dan},
title = {A Fully Homomorphic Encryption Scheme},
year = {2009},
isbn = {9781109444506},
school = {Stanford University},
address = {Stanford, CA, USA}
}

@MISC{Maas13ahigh-performance,
    author = {Martin Maas and Eric Love and Emil Stefanov and Mohit Tiwari and Elaine Shi and John Kubiatowicz and Dawn Song},
    title = {A high-performance oblivious ram controller on the convey hc-2ex heterogeneous computing platform},
    year = {2013}
}

@article{Gueron2016AME,
  title={A Memory Encryption Engine Suitable for General Purpose Processors},
  author={Shay Gueron},
  journal={International Association for Cryptologic Research ePrint Archive},
  year={2016},
  volume={2016},
  pages={204}
}

@article{Kiriansky2018,
author = {Kiriansky, Vladimir and Lebedev, Ilia and Amarasinghe, Saman and Devadas, Srinivas and Emer, Joel},
doi = {10.1109/MICRO.2018.00083},
isbn = {9781538662403},
issn = {10724451},
journal = {Proceedings of the Annual International Symposium on Microarchitecture, MICRO},
keywords = {Cache partitioning,Side channel attacks,Speculative execution},
pages = {974--987},
title = {{DAWG: A defense against cache timing attacks in speculative execution processors}},
volume = {2018-Octob},
year = {2018}
}

@article{Pinto2019,
author = {Pinto, Sandro and Santos, Nuno},
doi = {10.1145/3291047},
issn = {15577341},
journal = {ACM Computing Surveys},
keywords = {Arm,Security,Survey,TEE,TrustZone,Virtualization},
number = {6},
title = {{Demystifying Arm TrustZone: A Comprehensive Survey}},
volume = {51},
year = {2019}
}

@article{Gottel2019,
archivePrefix = {arXiv},
arxivId = {1904.11545},
author = {G{\"{o}}ttel, Christian and Felber, Pascal and Schiavoni, Valerio},
doi = {10.1007/978-3-030-22496-7_11},
eprint = {1904.11545},
isbn = {9783030224950},
issn = {16113349},
journal = {Lecture Notes in Computer Science (including subseries Lecture Notes in Artificial Intelligence and Lecture Notes in Bioinformatics)},
keywords = {Arm TrustZone,IoT,Op-Tee,Secure storage},
pages = {170--178},
title = {{Developing secure services for IoT with OP-TEE: A first look at performance and usability}},
volume = {11534 LNCS},
year = {2019}
}

@techreport{Nelson2019,
     title = {{Developing security monitors on RISC-V}},
     author = {Nelson, Luke and Wang, X I},
     institution = {University of Washington},
     year = {2019}
}

@inproceedings{vanderVeen:2016,
 author = {van der Veen, Victor and Fratantonio, Yanick and Lindorfer, Martina and Gruss, Daniel and Maurice, Clementine and Giovanni Vigna and Bos, Herbert and Razavi, Kaveh and Giuffrida, Cristiano},
 title = {{Drammer: Deterministic Rowhammer Attacks on Mobile Platforms}},
 booktitle = {Proceedings of the ACM Conference on Computer and Communications Security (CCS)},
 year = {2016},
 month = {October},
 address = {Vienna, Austria},
 pages = {1675--1689},
 numpages = {15},
} 

@ARTICLE {9103538,
author = {David Kohlbrenner and Shweta Shinde and Dayeol Lee and Krste Asanovi{\'{c}} and Dawm Song},
journal = {IEEE Security \& Privacy},
title = {Building Open Trusted Execution Environments},
year = {2020},
volume = {18},
number = {05},
issn = {1558-4046},
pages = {47-56},
keywords = {hardware;cryptography;software;virtual machine monitors;trust management;cloud computing},
doi = {10.1109/MSEC.2020.2990649},
publisher = {IEEE Computer Society},
address = {Los Alamitos, CA, USA},
month = {sep}
}

@inproceedings{vanbulck2018foreshadow,
    author = {Van Bulck, Jo and Minkin, Marina and Weisse, Ofir and Genkin, Daniel and Kasikci, Baris and Piessens, Frank and Silberstein, Mark and Wenisch, Thomas F. and Yarom, Yuval and Strackx, Raoul},
    title = {{Foreshadow: Extracting the Keys to the Intel SGX Kingdom with Transient Out-of-Order Execution}},
    booktitle = {Proceedings of the 27th {USENIX} Security Symposium},
    year = {2018},
    month = {August},
    publisher = {{USENIX Association}}
}

@article{weisse2018foreshadowNG,
  title={{Foreshadow-NG: Breaking the Virtual Memory Abstraction with Transient Out-of-Order Execution}},
  author={Weisse, Ofir and Van Bulck, Jo and Minkin, Marina and  Genkin, Daniel and Kasikci, Baris and Piessens, Frank and Silberstein, Mark and Strackx, Raoul and Wenisch, Thomas F. and Yarom, Yuval},
  journal={Technical report},
  year={2018}
}

@INPROCEEDINGS{8418606,
  author={M. {Zhao} and G. E. {Suh}},
  booktitle={2018 IEEE Symposium on Security and Privacy (SP)}, 
  title={FPGA-Based Remote Power Side-Channel Attacks}, 
  year={2018},
  volume={},
  number={},
  pages={229-244},
  doi={10.1109/SP.2018.00049}}

@techreport{armfundv8A,
     title = {{Fundamentals of ARMv8-A Version 1.0}},
     author = {{Arm Limited}},
     group = {csg},
     year = {2015},
     institution = {{Arm Limited}},
     month = {March}
}

@misc{GlobalPlatform2018,
     title = {{GlobalPlatform Technology TEE System Architecture Version 1.2}},
     author = {{GlobalPlatform Inc}},
     year = {2018},
     month = {11}
}

@misc{GPD2,
     title = {{GlobalPlatform TEE Protection Profile Version 1.3}},
     author = {{GlobalPlatform Inc}},
     year = {2020},
     month = {09}
}

@misc{GPD3,
     title = {{GlobalPlatform TEE Client API Specification Version 1.0}},
     author = {{GlobalPlatform Inc}},
     year = {2010},
     month = {07}
}

@misc{GPD4,
     title = {{GlobalPlatform TEE Client API Specification Version 1.0}},
     author = {{GlobalPlatform Inc}},
     year = {2010},
     month = {07}
}

@misc{GPD5,
     title = {{GlobalPlatform TEE Internal Core API Specification Version 1.2.1}},
     author = {{GlobalPlatform Inc}},
     year = {2019},
     month = {05}
}

@INPROCEEDINGS{8418604,
  author={P. {Frigo} and C. {Giuffrida} and H. {Bos} and K. {Razavi}},
  booktitle={2018 IEEE Symposium on Security and Privacy (SP)}, 
  title={Grand Pwning Unit: Accelerating Microarchitectural Attacks with the GPU}, 
  year={2018},
  volume={},
  number={},
  pages={195-210},
  doi={10.1109/SP.2018.00022}}

@article{Tsai2019,
author = {Tsai, Chia Che and Porter, Donald E. and Vij, Mona},
isbn = {9781931971386},
journal = {Proceedings of the 2017 USENIX Annual Technical Conference, USENIX ATC 2017},
pages = {645--658},
title = {{Graphene-SGX: A practical library OS for unmodified applications on SGX}},
year = {2019}
}

@article{Volos2007,
author = {Volos, Stavros and Vaswani, Kapil and Bruno, Rodrigo},
isbn = {9781939133083},
journal = {Proceedings of the 13th USENIX Symposium on Operating Systems Design and Implementation, OSDI 2018},
pages = {681--696},
title = {{Graviton: Trusted execution environments on GPUs}},
year = {2007}
}


@article{Costan2016,
author = {Costan, Victor and Devadas, Srinivas},
isbn = {0250-8095 (Print)$\backslash$r0250-8095 (Linking)},
issn = {02508095},
journal = {International Association for Cryptologic Research ePrint Archive},
pages = {1--118},
pmid = {16210837},
title = {{Intel SGX Explained}},
url = {http://eprint.iacr.org/2016/086},
year = {2016}
}

@article{lee2019keystone,
  author    = {Dayeol Lee and David Kohlbrenner and Shweta Shinde and Dawn Song and Krste Asanovi{\'{c}}},
  title     = {{Keystone: A Framework for Architecting TEEs}},
  journal   = {CoRR},
  volume    = {abs/1907.10119},
  year      = {2019},
  url       = {http://arxiv.org/abs/1907.10119},
  archivePrefix = {arXiv},
  eprint    = {1907.10119},
  timestamp = {Thu, 01 Aug 2019 08:59:33 +0200},
  biburl    = {https://dblp.org/rec/journals/corr/abs-1907-10119.bib},
  bibsource = {dblp computer science bibliography, https://dblp.org}
}

@article{cheangverifying,
  title={Verifying RISC-V Physical Memory Protection},
  author={Cheang, Kevin and Rasmussen, Cameron and Lee, Dayeol and Kohlbrenner, David W and Asanovic, Krste and Seshia, Sanjit A},
  journal={{IEEE} International Symposium on Performance Analysis of Systems and Software {(ISPASS)} Workshop on Secure RISC-V Architecture Design},
  month={August},
  year=2020
}

@inproceedings{lee2020keystone,
  title={Keystone: An open framework for architecting trusted execution environments},
  author={Lee, Dayeol and Kohlbrenner, David and Shinde, Shweta and Asanovi{\'c}, Krste and Song, Dawn},
  booktitle={Proceedings of the Fifteenth European Conference on Computer Systems},
  pages={1--16},
  year={2020}
}

@article{Giechaskiel2018,
archivePrefix = {arXiv},
arxivId = {1611.08882},
author = {Giechaskiel, Ilias and Rasmussen, Kasper B. and Eguro, Ken},
doi = {10.1145/3196494.3196518},
eprint = {1611.08882},
isbn = {9781450355766},
journal = {ASIACCS 2018 - Proceedings of the 2018 ACM Asia Conference on Computer and Communications Security},
keywords = {Crosstalk,FPGA covert channel,Information leakage,Long wire delay},
pages = {15--27},
title = {{Leaky wires: Information leakage and covert communication between FPGA long wires}},
year = {2018}
}

@article{Gueron2016a,
author = {Gueron, Shay},
doi = {10.1109/MSP.2016.124},
issn = {15584046},
journal = {IEEE Security and Privacy},
keywords = {cryptography,general-purpose processor,hardware,memory,privacy,security},
number = {6},
pages = {54--62},
publisher = {IEEE},
title = {{Memory encryption for general-purpose processors}},
volume = {14},
year = {2016}
}

@article{Bourgeat2019,
archivePrefix = {arXiv},
arxivId = {1812.09822},
author = {Bourgeat, Thomas and Lebedev, Ilia and Wright, Andrew and Zhang, Sizhuo and Devadas, Arvind Srinivas},
doi = {10.1145/3352460.3358310},
eprint = {1812.09822},
isbn = {9781450369381},
issn = {10724451},
journal = {Proceedings of the Annual International Symposium on Microarchitecture, MICRO},
keywords = {Architectural isolation,Microarchitectural isolation,Secure processors},
pages = {42--56},
title = {{MI6: Secure enclaves in a speculative out-of-order processor}},
year = {2019}
}

@techreport{Confidential2009,
     title = {{OMTP: Advanced Trusted Environment: OMTP TR1}},
     author = {{Open Mobile Terminal Platform}},
     group = {csg},
     year = {2009},
     institution = {Open Mobile Terminal Platform},
     month = {01}
}

@article{McGillion2015,
archivePrefix = {arXiv},
arxivId = {1506.07367},
author = {McGillion, Brian and Dettenborn, Tanel and Nyman, Thomas and Asokan, N.},
doi = {10.1109/Trustcom.2015.400},
eprint = {1506.07367},
isbn = {9781467379519},
journal = {Proceedings - 14th IEEE International Conference on Trust, Security and Privacy in Computing and Communications, TrustCom 2015},
keywords = {GlobalPlatform,Hardware security,Open source,Software development,Trusted Execution Environments,Usability},
pages = {400--407},
publisher = {IEEE},
title = {{Open-TEE - An open virtual trusted execution environment}},
volume = {1},
year = {2015}
}

@inproceedings{lowtcb,
author = {Shinde, Shweta and Le, Dat and Tople, Shruti and Saxena, Prateek},
year = {2017},
month = {01},
pages = {},
booktitle={Network and Distributed System Security Symposium},
title = {Panoply: Low-TCB Linux Applications with SGX Enclaves},
doi = {10.14722/ndss.2017.23500}
}

@article{Verger2019,
author = {Verger, Fr{\'{e}}d{\'{e}}ric},
doi = {10.1353/psg.2017.0149},
isbn = {9781450324779},
issn = {00294802},
journal = {Nouvelle Revue Francaise},
keywords = {fpgas,oblivious ram,path oram,secure processors},
pages = {72--80},
title = {{Phantom}},
year = {2019}
}

@article{Regenscheid2018,
author = {Regenscheid, Andrew},
journal = {NIST Special Publication},
keywords = {BIOS,Code signing,Firmware,Option ROM,Platform Firmware},
title = {{Platform Firmware Resiliency Guidelines}},
url = {http://nvlpubs.nist.gov/nistpubs/SpecialPublications/NIST.SP.800-193.pdf},
year = {2018}
}

@article{Naghibijouybari2018,
author = {Naghibijouybari, Hoda and Qian, Zhiyun and Neupane, Ajaya and Abu-Ghazaleh, Nael},
doi = {10.1145/3243734.3243831},
isbn = {9781450356930},
issn = {15437221},
journal = {Proceedings of the ACM Conference on Computer and Communications Security},
keywords = {GPU,Keystroke timing attack,Side channel,Website fingerprinting},
pages = {2139--2153},
title = {{Rendered insecure: GPU side channel attacks are practical}},
year = {2018}
}
@article{Lebedev2019,
archivePrefix = {arXiv},
arxivId = {1812.10605},
author = {Lebedev, Ilia and Hogan, Kyle and Drean, Jules and Kohlbrenner, David and Lee, Dayeol and Asanovi{\'{c}}, Krste and Song, Dawn and Devadas, Srinivas},
doi = {10.23919/DATE.2019.8715182},
eprint = {1812.10605},
isbn = {9783981926323},
journal = {Proceedings of the 2019 Design, Automation and Test in Europe Conference and Exhibition, DATE 2019},
keywords = {enclave,secure processor,trusted execution},
pages = {1142--1147},
title = {{Sanctorum: A lightweight security monitor for secure enclaves}},
year = {2019}
}
@article{Brasser2019,
author = {Brasser, Ferdinand and Gens, David and Jauernig, Patrick and Sadeghi, Ahmad-Reza and Stapf, Emmanuel},
doi = {10.14722/ndss.2019.23448},
isbn = {189156255X},
number = {February},
title = {{SANCTUARY: ARMing TrustZone with User-space Enclaves}},
journal = {26th Annual Network and Distributed System Security Symposium},
year = {2019}
}

@article{Costan2016a,
author = {Costan, Victor and Lebedev, Ilia and Devadas, Srinivas},
isbn = {978-1-931971-32-4},
journal = {Usenix},
pages = {857--874},
title = {{Sanctum : Minimal Hardware Extensions for Strong Software Isolation This paper is included in the Proceedings of the Sanctum : Minimal Hardware Extensions for Strong Software Isolation}},
url = {https://www.usenix.org/conference/usenixsecurity16/technical-sessions/presentation/costan},
volume = {25},
year = {2016}
}

@INPROCEEDINGS{8429295,
  author={I. {Lebedev} and K. {Hogan} and S. {Devadas}},
  booktitle={2018 IEEE 31st Computer Security Foundations Symposium (CSF)}, 
  title={Invited Paper: Secure Boot and Remote Attestation in the Sanctum Processor}, 
  year={2018},
  volume={},
  number={},
  pages={46-60},
  doi={10.1109/CSF.2018.00011}}

@article{Brenner2016,
author = {Brenner, Stefan and Wulf, Colin and Goltzsche, David and Weichbrodt, Nico and Lorenz, Matthias and Fetzer, Christof and Pietzuch, Peter and Kapitza, R{\"{u}}diger},
doi = {10.1145/2988336.2988350},
isbn = {9781450343008},
journal = {Proceedings of the 17th International Middleware Conference, Middleware 2016},
keywords = {Apache ZooKeeper,Cloud computing,Intel SGX},
title = {{SecureKeeper: Confidential ZooKeeper using Intel SGX}},
year = {2016}
}

@article{Nehal2019,
author = {Nehal, Arshad and Ahlawat, Priyanka},
doi = {10.1109/ICECA.2019.8822040},
isbn = {9781728101675},
journal = {Proceedings of the 3rd International Conference on Electronics and Communication and Aerospace Technology, ICECA 2019},
keywords = {Hardware Security,IoT,IoT Social Networks,OPTEE,Security},
pages = {1441--1444},
publisher = {IEEE},
title = {{Securing IoT applications with OP-TEE from hardware level OS}},
year = {2019}
}

@techreport{Coombs2015,
     title = {{Securing the Future of Authentication with ARM TrustZone-based Trusted Execution Environment and Fast Identity Online ( FIDO )}},
     author = {Coombs, Rob},
     group = {csg},
     year = {2015},
     institution = {Arm Inc},
     month = {01}
}

@article{Aumasson2016,
author = {Aumasson, Jp and Merino, Luis},
issn = {0886-9383},
journal = {Black Hat 2016},
pages = {1--10},
title = {{SGX Secure Enclaves in Practice: Security and Crypto Review}},
url = {https://github.com/kudelskisecurity/sgx-reencrypt.},
year = {2016}
}

@article{Dong2018,
author = {Dong, Xiaowan and Shen, Zhuojia and Criswell, John and Cox, Alan L. and Dwarkadas, Sandhya},
isbn = {9781939133045},
journal = {Proceedings of the 27th USENIX Security Symposium},
pages = {1441--1458},
title = {{Shielding software from privileged side-channel attacks}},
year = {2018}
}

@article{Dong2018a,
author = {Dong, Xiaowan and Shen, Zhuojia and Criswell, John and Cox, Alan and Dwarkadas, Sandhya},
doi = {10.1145/3214292.3214297},
isbn = {9781450365000},
journal = {ACM International Conference Proceeding Series},
keywords = {Compiler-based virtual machines,Operating systems security,Secure computer architectures,Speculation-based side channels},
title = {{Spectres, virtual ghosts, and hardware support}},
year = {2018}
}

@article{Spyropoulos2009,
author = {Spyropoulos, Ioannis and Zeidler, James R.},
doi = {10.1109/TVT.2008.928108},
issn = {00189545},
journal = {IEEE Transactions on Vehicular Technology},
keywords = {Antenna arrays,Code-division multiple access (CDMA),Land mobile radio cellular systems,Resource management,Signal detection,Time-division duplexing (TDD)},
number = {2},
pages = {744--759},
title = {{Supporting asymmetric traffic in a TDD/CDMA cellular network via interference-aware dynamic channel allocation and space-time LMMSE joint detection}},
volume = {58},
year = {2009}
}

@techreport{ArmLimited2019,
     title = {{The Arm Exception Model}},
     author = {{Arm Limited}},
     group = {csg},
     year = {2019},
     institution = {{Arm Limited}},
     month = {01}
}

@article{UnprivIsa2019,
author = {Waterman, Andrew and Asanovi{\'{c}}, Krste},
pages = {238},
title = {{The RISC-V Instruction Set Manual, Volume I: User-Level ISA, Document Version 20191213}},
url = {https://github.com/riscv/riscv-isa-manual/releases/download/Ratified-IMAFDQC/riscv-spec-20191213.pdf},
volume = {I},
journal = {RISC-V ISA},
year = {2019}
}

@article{PrivIsa2019,
author = {Waterman, Andrew and Asanovi{\'{c}}, Krste},
pages = {135},
title = {{The RISC-V Instruction Set Manual, Volume II: Privileged Architecture, Document Version 20190608}},
url = {https://github.com/riscv/riscv-isa-manual/releases/download/Ratified-IMFDQC-and-Priv-v1.11/riscv-privileged-20190608.pdf},
volume = {II},
journal = {RISC-V ISA},
year = {2019}
}

@article{Bar-El2006,
author = {Bar-El, Hagai and Choukri, Hamid and Naccache, David and Tunstall, Michael and Whelan, Claire},
doi = {10.1109/JPROC.2005.862424},
issn = {00189219},
journal = {Proceedings of the IEEE},
keywords = {Fault attacks,Glitch attacks,Side-channel attacks,Smart cards},
number = {2},
pages = {370--382},
title = {{The sorcerer's apprentice guide to fault attacks}},
volume = {94},
year = {2006}
}

@article{timewarp,
author = {Martin, Robert and Demme, John and Sethumadhavan, Simha},
doi = {10.1109/ISCA.2012.6237011},
isbn = {9781467304757},
issn = {10636897},
journal = {Proceedings - International Symposium on Computer Architecture},
pages = {118--129},
title = {{TimeWarp: Rethinking timekeeping and performance monitoring mechanisms to mitigate side-channel attacks}},
year = {2012}
}

@techreport{Edition2018,
     title = {{Trusted Base System Architecture, Client, Version F}},
     author = {{Arm Limited}},
     group = {csg},
     year = {2020},
     institution = {{Arm Limited}},
     month = {August}
}

@phdthesis{Kohlbrenner2018,
author = {Kohlbrenner, David},
advisor = {Shacham, Hovav},
title = {Trusted Systems for Uncertain Times},
year = {2018},
publisher = {UC San Diego},
school = {UC San Diego},
address = {San Diego, CA, USA}
}

@INPROCEEDINGS{6699066,
  author={S. {Chiricescu} and A. {DeHon} and D. {Demange} and S. {Iyer} and A. {Kliger} and G. {Morrisett} and B. C. {Pierce} and H. {Reubenstein} and J. M. {Smith} and G. T. {Sullivan} and A. {Thomas} and J. {Tov} and C. M. {White} and D. {Wittenberg}},
  booktitle={2013 IEEE International Conference on Technologies for Homeland Security (HST)}, 
  title={{SAFE: A clean-slate architecture for secure systems}}, 
  year={2013},
  volume={},
  number={},
  pages={570-576},
  doi={10.1109/THS.2013.6699066}}
  
  @INPROCEEDINGS{teeWhatIsIt,
  author={M. Sabt and M. Achemlal and A. Bouabdallah},
  booktitle={2015 IEEE Trustcom/BigDataSE/ISPA}, 
  title={Trusted Execution Environment: What It is, and What It is Not}, 
  year={2015},
  volume={1},
  number={},
  pages={57-64},
  doi={10.1109/Trustcom.2015.357}}
  
  @INPROCEEDINGS{TrustZoneExplained,
  author={B. {Ngabonziza} and D. {Martin} and A. {Bailey} and H. {Cho} and S. {Martin}},
  booktitle={2016 IEEE 2nd International Conference on Collaboration and Internet Computing (CIC)}, 
  title={TrustZone Explained: Architectural Features and Use Cases}, 
  year={2016},
  volume={},
  number={},
  pages={445-451},
  doi={10.1109/CIC.2016.065}}
  
  @techreport{intelMET,
     title = {Intel Architecture Memory Encryption Technologies Specification},
     author = {{Intel Corporation}},
     year = {2019},
     institution = {{Intel Corporation}},
     month = {01}
}

@online{WAC,
  author = {Sarah Perez},
  title = {{WAC Whacked: Telecom-Backed Alliance Merges Into GSMA, Assets Acquired By API Management Service Apigee}},
  url = {https://techcrunch.com/2012/07/17/wac-whacked-telecom-backed-alliance-merges-into-gsma-assets-acquired-by-api-management-service-apigee},
  urldate = {2015-05-21}
}

@online{urlTrustedFirmware,
  author = {{Linaro Limited}},
  title = {{Trusted Firmware}},
  url={https://www.trustedfirmware.org},
  urldate = {2021-03-15}
}

@online{urlIbex,
  author = {{lowRISC}},
  title = {{Ibex Core}},
  url={https://github.com/lowRISC/ibex},
  urldate = {2021-03-15}
}

@techreport{ArmBuildingSS,
     title = {{Arm Security Technology Building a Secure System using TrustZone Technology, Issue C}},
     author = {{Arm Limited}},
     group = {csg},
     year = {2009},
     institution = {{Arm Limited}},
     month = {April}
}

@techreport{ArmTrustedBoot,
     title = {{Trusted Board Boot Requirements CLIENT (TBBR-CLIENT) ARMv8-A, Version 1.0}},
     author = {{Arm Limited, Architecture and Technology Group}},
     group = {csg},
     year = {2018},
     institution = {{Arm Limited}},
     month = {September}
}

@misc{zimmer2005hardened,
  title={Hardened extensible firmware framework to support system management mode operations using 64-bit extended memory mode processors},
  author={Zimmer, Vincent},
  year={2005},
  month=may # "~26",
  publisher={Google Patents},
  note={{US Patent App. 10/971,824}}
}

@misc{yao2009system,
  title={System management mode isolation in firmware},
  author={Yao, Jiewen and Zimmer, Vincent J and Long, Qin},
  year={2009},
  month=may # "~7",
  publisher={Google Patents},
  note={{US Patent App. 12/317,446}}
}

@INPROCEEDINGS{delgado2013,
  author={B. {Delgado} and K. L. {Karavanic}},
  booktitle={2013 IEEE International Symposium on Workload Characterization (IISWC)}, 
  title={Performance implications of System Management Mode}, 
  year={2013},
  volume={},
  number={},
  pages={163-173},
  doi={10.1109/IISWC.2013.6704682}}
  
  @article{eldar2008configuring,
  title={Configuring Intel Active Management Technology.},
  author={Eldar, Dori and Kumar, Arvind and Goel, Purushottam},
  journal={Intel Technology Journal},
  volume={12},
  number={4},
  year={2008}
}

@misc{zimmer2011apparatus,
  title={Apparatus and method for secure boot environment},
  author={Zimmer, Vincent J and Kumar, Mohan and Natu, Mahesh and Long, Qin and Cui, Liang and Yao, Jiewen},
  year={2011},
  month=jul # "~19",
  publisher={Google Patents},
  note={{US Patent 7,984,286}}
}

@article{uhlig2005intel,
  title={Intel virtualization technology},
  author={Uhlig, Rich and Neiger, Gil and Rodgers, Dion and Santoni, Amy L and Martins, Fernando CM and Anderson, Andrew V and Bennett, Steven M and Kagi, Alain and Leung, Felix H and Smith, Larry},
  journal={Computer},
  volume={38},
  number={5},
  pages={48--56},
  year={2005},
  publisher={IEEE}
}

@inproceedings{garfinkel2003terra,
  title={Terra: A virtual machine-based platform for trusted computing},
  author={Garfinkel, Tal and Pfaff, Ben and Chow, Jim and Rosenblum, Mendel and Boneh, Dan},
  booktitle={Proceedings of the nineteenth ACM symposium on Operating systems principles},
  pages={193--206},
  year={2003}
}

@book{beyondBIOS,
author = {Zimmer, Vincent and Rothman, Michael and Marisetty, Suresh},
title = {Beyond BIOS: Developing with the Unified Extensible Firmware Interface, Third Edition},
year = {2017},
isbn = {1501514784},
publisher = {De$|$G Press},
address = {Berlin, DEU},
edition = {3rd}
}

@misc{uefi2020,
  title={{Unified Extensible Firmware Interface (UEFI) Specification Version 2.8 Errata B}},
  author={{UEFI Forum}},
  year={2020},
  month="May"
}

@inproceedings{10.1145/2487726.2488368,
author = {McKeen, Frank and Alexandrovich, Ilya and Berenzon, Alex and Rozas, Carlos V. and Shafi, Hisham and Shanbhogue, Vedvyas and Savagaonkar, Uday R.},
title = {Innovative Instructions and Software Model for Isolated Execution},
year = {2013},
isbn = {9781450321181},
publisher = {Association for Computing Machinery},
address = {New York, NY, USA},
url = {https://doi.org/10.1145/2487726.2488368},
doi = {10.1145/2487726.2488368},
booktitle = {Proceedings of the 2nd International Workshop on Hardware and Architectural Support for Security and Privacy},
articleno = {10},
numpages = {1},
location = {Tel-Aviv, Israel},
series = {HASP '13}
}

@inproceedings{10.1145/2487726.2488370,
author = {Hoekstra, Matthew and Lal, Reshma and Pappachan, Pradeep and Phegade, Vinay and Del Cuvillo, Juan},
title = {Using Innovative Instructions to Create Trustworthy Software Solutions},
year = {2013},
isbn = {9781450321181},
publisher = {Association for Computing Machinery},
address = {New York, NY, USA},
url = {https://doi.org/10.1145/2487726.2488370},
doi = {10.1145/2487726.2488370},
booktitle = {Proceedings of the 2nd International Workshop on Hardware and Architectural Support for Security and Privacy},
articleno = {11},
numpages = {1},
location = {Tel-Aviv, Israel},
series = {HASP '13}
}

@inproceedings{anati2013innovative,
  title={Innovative technology for CPU based attestation and sealing},
  author={Anati, Ittai and Gueron, Shay and Johnson, Simon and Scarlata, Vincent},
  booktitle={Proceedings of the 2nd international workshop on hardware and architectural support for security and privacy},
  volume={13},
  pages={7},
  year={2013},
  organization={ACM New York, NY, USA}
}

@techreport{cccTAC,
     title = {{A Technical Analysis of Confidential Computing Version 1.1}},
     author = {{Technical Advisory Council}},
     year = {2021},
     institution = {{Confidential Computing Consortium}},
     month = {01}
}

@misc{johnson2010technique,
  title={Technique for supporting multiple secure enclaves},
  author={Johnson, Simon P and Savagaonkar, Uday R and Scarlata, Vincent R and McKeen, Francis X and Rozas, Carlos V},
  year={2010},
  month=Dec,
  publisher={Google Patents},
  note={{US Patent 8,972,746}}
}

@misc{mckeen2009method,
  title={Method and apparatus to provide secure application execution},
  author={McKeen, Francis X and Rozas, Carlos V and Savagaonkar, Uday R and Johnson, Simon P and Scarlata, Vincent and Goldsmith, Michael A and Brickell, Ernie and Li, Jiang Tao and Herbert, Howard C and Dewan, Prashant and others},
  year={2009},
  month=Dec,
  publisher={Google Patents},
  note={{US Patent 9,087,200}}
}

@article{knauth2018integrating,
  title={Integrating remote attestation with transport layer security},
  author={Knauth, Thomas and Steiner, Michael and Chakrabarti, Somnath and Lei, Li and Xing, Cedric and Vij, Mona},
  journal={{arXiv preprint arXiv:1801.05863}},
  year={2018}
}

@article{johnson2016intel,
  title={{Intel software guard extensions: EPID provisioning and attestation services}},
  author={Johnson, Simon and Scarlata, Vinnie and Rozas, Carlos and Brickell, Ernie and Mckeen, Frank},
  journal={White Paper},
  volume={1},
  number={1-10},
  pages={119},
  year={2016}
}

@inproceedings{10.1145/3337167.3337173,
author = {Chakrabarti, Somnath and Hoekstra, Matthew and Kuvaiskii, Dmitrii and Vij, Mona},
title = {Scaling IntelÂ® Software Guard Extensions Applications with IntelÂ® SGX Card},
year = {2019},
isbn = {9781450372268},
publisher = {Association for Computing Machinery},
address = {New York, NY, USA},
url = {https://doi.org/10.1145/3337167.3337173},
doi = {10.1145/3337167.3337173},
booktitle = {Proceedings of the 8th International Workshop on Hardware and Architectural Support for Security and Privacy},
articleno = {6},
numpages = {9},
keywords = {IntelÂ® SGX Card, IntelÂ® Software Guard Extensions},
location = {Phoenix, AZ, USA},
series = {HASP '19}
}

@article{osborn2013trusted,
  title={Trusted platform Module evolution},
  author={Osborn, Justin D and Challener, David C},
  journal={Johns Hopkins APL Technical Digest (Applied Physics Laboratory)},
  volume={32},
  number={2},
  pages={536--543},
  year={2013}
}

@INPROCEEDINGS{679731,
  author={D. W. {Manchala}},
  booktitle={Proceedings. 18th International Conference on Distributed Computing Systems (Cat. No.98CB36183)}, 
  title={Trust metrics, models and protocols for electronic commerce transactions}, 
  year={1998},
  volume={},
  number={},
  pages={312-321},
  doi={10.1109/ICDCS.1998.679731}}
  
  @phdthesis{beekman2016improving,
  title={Improving cloud security using secure enclaves},
  author={Beekman, Jethro Gideon},
  year={2016},
  school={UC Berkeley}
}

@inproceedings{weichbrodt2016asyncshock,
  title={AsyncShock: Exploiting synchronisation bugs in Intel SGX enclaves},
  author={Weichbrodt, Nico and Kurmus, Anil and Pietzuch, Peter and Kapitza, R{\"u}diger},
  booktitle={European Symposium on Research in Computer Security},
  pages={440--457},
  year={2016},
  organization={Springer}
}

@inproceedings{schwarz2019practical,
  title={Practical enclave malware with Intel SGX},
  author={Schwarz, Michael and Weiser, Samuel and Gruss, Daniel},
  booktitle={International Conference on Detection of Intrusions and Malware, and Vulnerability Assessment},
  pages={177--196},
  year={2019},
  organization={Springer}
}

@mastersthesis{TeschkeSGX,
  author       = {Fredrik Teschke}, 
  title        = {{Hardening Applications with Intel SGX}},
  school       = {Hasso-Plattner-Institut at the University of Potsdam},
  year         = 2017,
  address      = {Prof.-Dr.-Helmert-Stra{\ss}e 2-3, 14482 Potsdam, Germany},
  month        = {June},
  note         = {{Anwendungen h{\"a}rten mit Intel SGX}}
}

@inproceedings{brickell2007enhanced,
  title={Enhanced privacy ID: A direct anonymous attestation scheme with enhanced revocation capabilities},
  author={Brickell, Ernie and Li, Jiangtao},
  booktitle={Proceedings of the 2007 ACM workshop on Privacy in electronic society},
  pages={21--30},
  year={2007}
}

@article{asanovic2014instruction,
  title={Instruction sets should be free: The case for risc-v},
  author={Asanovi{\'c}, Krste and Patterson, David A},
  journal={EECS Department, University of California, Berkeley, Tech. Rep. UCB/EECS-2014-146},
  year={2014}
}

@article{o1999lessons,
  title={Lessons from open-source software development},
  author={{O'Reilly}, Tim},
  journal={Communications of the {ACM}},
  volume={42},
  number={4},
  pages={32--37},
  year={1999},
  publisher={ACM New York, NY, USA}
}

@inproceedings{pinto2019industry,
  title={The industry-first secure IoT stack for RISC-V: a research project},
  author={Pinto, Sandro and Martins, Jose},
  booktitle={RISC-V Workshop,(Zurich)},
  year={2019}
}

@inproceedings{weiser2019timber,
  title={TIMBER-V: Tag-Isolated Memory Bringing Fine-grained Enclaves to RISC-V.},
  author={Weiser, Samuel and Werner, Mario and Brasser, Ferdinand and Malenko, Maja and Mangard, Stefan and Sadeghi, Ahmad-Reza},
  booktitle={NDSS},
  year={2019}
}

@inproceedings{bourgeat2019mi6,
  title={Mi6: Secure enclaves in a speculative out-of-order processor},
  author={Bourgeat, Thomas and Lebedev, Ilia and Wright, Andrew and Zhang, Sizhuo and Devadas, Srinivas},
  booktitle={Proceedings of the 52nd Annual IEEE/ACM International Symposium on Microarchitecture},
  pages={42--56},
  year={2019}
}

@article{anemaet2003microprocessor,
  title={Microprocessor Soft-Cores: An Evaluation of Design Methods and Concepts on FPGAs},
  author={Anemaet, Pieter and {van As}, Thijs},
  journal={part of the Computer Architecture (Special Topics) course ET4078, Department of Computer Engineering},
  year={2003},
  publisher={Citeseer}
}

@article{amye2021,
  title={The General Data Protection Regulation and Open Source Software Communities},
  author={Perrin, Amye Scavarda},
  journal={Cybaris\textregistered: Vol. 12 : Iss. 1 , Article 3},
  year={2021},
  publisher={Mitchell Hamline School of Law}
}

@inproceedings{eldefrawy2017hydra,
  title={HYDRA: hybrid design for remote attestation (using a formally verified microkernel)},
  author={Eldefrawy, Karim and Rattanavipanon, Norrathep and Tsudik, Gene},
  booktitle={Proceedings of the 10th ACM Conference on Security and Privacy in wireless and Mobile Networks},
  pages={99--110},
  year={2017}
}

@inproceedings{nauman2010beyond,
  title={Beyond kernel-level integrity measurement: enabling remote attestation for the android platform},
  author={Nauman, Mohammad and Khan, Sohail and Zhang, Xinwen and Seifert, Jean-Pierre},
  booktitle={International Conference on Trust and Trustworthy Computing},
  pages={1--15},
  year={2010},
  organization={Springer}
}

@article{cabodi2015formal,
  title={Formal verification of embedded systems for remote attestation},
  author={Cabodi, G and Camurati, P and Loiacono, C and Pipitone, G and Savarese, F and Vendraminetto, D},
  journal={WSEAS Transactions on Computers},
  volume={14},
  pages={760--769},
  year={2015}
}

@inproceedings{lebedev2018secure,
  title={Secure boot and remote attestation in the sanctum processor},
  author={Lebedev, Ilia and Hogan, Kyle and Devadas, Srinivas},
  booktitle={2018 IEEE 31st Computer Security Foundations Symposium (CSF)},
  pages={46--60},
  year={2018},
  organization={IEEE}
}

@article{shepherd2021lira,
  title={LIRA-V: Lightweight Remote Attestation for Constrained RISC-V Devices},
  author={Shepherd, Carlton and Markantonakis, Konstantinos and Jaloyan, Georges-Axel},
  journal={arXiv preprint arXiv:2102.08804},
  year={2021}
}

@inproceedings{haj2019lightweight,
  title={Lightweight secure-boot architecture for risc-v system-on-chip},
  author={Haj-Yahya, Jawad and Wong, Ming Ming and Pudi, Vikramkumar and Bhasin, Shivam and Chattopadhyay, Anupam},
  booktitle={20th International Symposium on Quality Electronic Design (ISQED)},
  pages={216--223},
  year={2019},
  organization={IEEE}
}

@INPROCEEDINGS{6922075,
  author={D. M. {Rodriguez} and D. H. {Aristizabal} and R. Y. {Guevara}},
  booktitle={2013 47th International Carnahan Conference on Security Technology (ICCST)}, 
  title={A primer to the token stealing technique}, 
  year={2013},
  volume={},
  number={},
  pages={1-3},
  doi={10.1109/CCST.2013.6922075}}
  
  @article{asanovic2016rocket,
  title={The rocket chip generator},
  author={Asanovic, Krste and Avizienis, Rimas and Bachrach, Jonathan and Beamer, Scott and Biancolin, David and Celio, Christopher and Cook, Henry and Dabbelt, Daniel and Hauser, John and Izraelevitz, Adam and others},
  journal={EECS Department, University of California, Berkeley, Tech. Rep. UCB/EECS-2016-17},
  year={2016}
}

@inproceedings{guilley2021implementing,
  title={Implementing Secure Applications thanks to an Integrated Secure Element},
  author={Guilley, Sylvain and Le Rolland, Michel and Quenson, Damien},
  booktitle={7th International Conference on Information Systems Security and Privacy},
  year={2021}
}

@article{raymond1999cathedral,
  title={The cathedral and the bazaar},
  author={Raymond, Eric},
  journal={Knowledge, Technology \& Policy},
  volume={12},
  number={3},
  pages={23--49},
  year={1999},
  publisher={Springer}
}

@INPROCEEDINGS{6234805,
  author={P. A. {Karger} and A. J. {Herbert}},
  booktitle={1984 IEEE Symposium on Security and Privacy}, 
  title={An Augmented Capability Architecture to Support Lattice Security and Traceability of Access}, 
  year={1984},
  volume={},
  number={},
  pages={2-2},
  doi={10.1109/SP.1984.10001}}
  
  @article{spensky2016sok,
  title={Sok: Privacy on mobile devices--itâ€™s complicated},
  author={Spensky, Chad and Stewart, Jeffrey and Yerukhimovich, Arkady and Shay, Richard and Trachtenberg, Ari and Housley, Rick and Cunningham, Robert K},
  journal={Proceedings on Privacy Enhancing Technologies},
  volume={2016},
  number={3},
  pages={96--116},
  year={2016},
  publisher={Sciendo}
}

@phdthesis{da2018securing,
  title={Securing a trusted hardware environment (Trusted Execution Environment)},
  author={Da Silva, Mathieu},
  year={2018},
  school={Universit{\'e} Montpellier}
}